@inproceedings{MentalGame:1987,
	 author = {Goldreich, O. and Micali, S. and Wigderson, A.},
	 title = {How to play ANY mental game},
	 booktitle = {Advances in Cryptology Proceedings},
	 series = {CRYPTO' 89},
	 year = {1987},
	 isbn = {0-89791-221-7},
	 pages = {218-229},
	 numpages = {12},
	 url = {http://dl.acm.org.ezproxy.morris.umn.edu/citation.cfm?id=28420&bnc=1},
	 doi = {10.1145/28395.28420},
	 acmid = {28420},
	 publisher = {ACM},
	 address = {New York, NY, USA},
	 keywords = {},
}

@inproceedings{Children:1987,
 author = {Quisquater, Jean-Jacques and Guillou, Louis and Annick, Marie and Berson, Tom},
 title = {How to explain zero-knowledge protocols to your children},
 booktitle = {Proceedings on Advances in cryptology},
 series = {CRYPTO '89},
 year = {1989},
 isbn = {0-387-97317-6},
 location = {Santa Barbara, California, USA},
 pages = {628--631},
 numpages = {4},
 url = {http://dl.acm.org/citation.cfm?id=118209.118269},
 acmid = {118269},
 publisher = {Springer-Verlag New York, Inc.},
 address = {New York, NY, USA},
} 

@article{Survey,
	 author = {Mohr, Austin},
	 title = {A Survey of Zero-Knowledge Proofs with Applications to Cryptography},
	 numpages = {12},
	 url = {http://www.austinmohr.com/work/files/zkp.pdf},
	 doi = {10.1016/j.tcs.2007.07.052},
	 address = {Carbondale, Illinois, USA},
	 keywords = {},
} 

@inproceedings{ZKCrypt:2012,
 author = {Bacelar Almeida, Jos{\'e} and Barbosa, Manuel and Bangerter, Endre and Barthe, Gilles and Krenn, Stephan and Zanella B{\'e}guelin, Santiago},
 title = {Full Proof Cryptography: Verifiable Compilation of Efficient Zero-knowledge Protocols},
 booktitle = {Proceedings of the 2012 ACM Conference on Computer and Communications Security},
 series = {CCS '12},
 year = {2012},
 isbn = {978-1-4503-1651-4},
 location = {Raleigh, North Carolina, USA},
 pages = {488--500},
 numpages = {13},
 url = {http://doi.acm.org.ezproxy.morris.umn.edu/10.1145/2382196.2382249},
 doi = {10.1145/2382196.2382249},
 acmid = {2382249},
 publisher = {ACM},
 address = {New York, NY, USA},
 keywords = {cryptographic compiler, verifying compilation, zero-knowledge},
} 

@inproceedings{ZKPDL:2010,
 author = {Meiklejohn, Sarah and Erway, C. Chris and K\"{u}p\c{c}\"{u}, Alptekin and Hinkle, Theodora and Lysyanskaya, Anna},
 title = {ZKPDL: A Language-based System for Efficient Zero-knowledge Proofs and Electronic Cash},
 booktitle = {Proceedings of the 19th USENIX Conference on Security},
 series = {USENIX Security'10},
 year = {2010},
 isbn = {888-7-6666-5555-4},
 location = {Washington, DC},
 pages = {13--13},
 numpages = {1},
 url = {http://dl.acm.org/citation.cfm?id=1929820.1929838},
 acmid = {1929838},
 publisher = {USENIX Association},
 address = {Berkeley, CA, USA},
}

@inproceedings{Sigma:2009,
 author = {Bangerter, Endre and Briner, Thomas and Henecka, Wilko and Krenn, Stephan and Sadeghi, Ahmad-Reza and Schneider, Thomas},
 title = {Automatic Generation of Sigma-protocols},
 booktitle = {Proceedings of the 6th European Conference on Public Key Infrastructures, Services and Applications},
 series = {EuroPKI'09},
 year = {2010},
 isbn = {3-642-16440-4, 978-3-642-16440-8},
 location = {Pisa, Italy},
 pages = {67--82},
 numpages = {16},
 url = {http://dl.acm.org/citation.cfm?id=1927830.1927838},
 acmid = {1927838},
 publisher = {Springer-Verlag},
 address = {Berlin, Heidelberg},
 keywords = {language design, protocol compiler, zero-knowledge},
}

@book{Compiler:1986,
 author = {Aho, Alfred V. and Sethi, Ravi and Ullman, Jeffrey D.},
 title = {Compilers: principles, techniques, and tools},
 year = {1986},
 isbn = {0-201-10088-6},
 publisher = {Addison-Wesley Longman Publishing Co., Inc.},
 address = {Boston, MA, USA},
} 

@misc{Wiki,
  author = "Wikipedia",
  title = "Zero-knowledge proof --- Wikipedia{,} The Free Encyclopedia",
  year = "2013",
  url = "http://en.wikipedia.org/w/index.php?title=Zero-knowledge_proof&oldid=578294564",
  note = "[Online; accessed 1-November-2013]"
}

@misc{Wiki:Hamiltonian,
   author = "Wikipedia",
   title = "Hamiltonian path --- Wikipedia{,} The Free Encyclopedia",
   year = "2013",
   url = "http://en.wikipedia.org/w/index.php?title=Hamiltonian_path&oldid=578365386",
   note = "[Online; accessed 14-November-2013]"
 }

@inproceedings{Ecash:1991,
 author = {Okamoto, Tatsuaki and Ohta, Kazuo},
 title = {Universal Electronic Cash},
 booktitle = {Proceedings of the 11th Annual International Cryptology Conference on Advances in Cryptology},
 series = {CRYPTO '91},
 year = {1992},
 isbn = {3-540-55188-3},
 pages = {324--337},
 numpages = {14},
 url = {http://dl.acm.org.ezproxy.morris.umn.edu/citation.cfm?id=646756.705374},
 acmid = {705374},
 publisher = {Springer-Verlag},
 address = {London, UK, UK},
}